
@mastersthesis{junadip,
    author    = "Jan Jůna",
    title     = "Simulátor akciové burzy",
    school    = "Praha: České vysoké učení technické v Praze, Fakulta informačních technologií",
    type     = "Diplomová práce",
    year      = "2015"
}

@misc{speldec,
    title = "General Decimal Arithmetic {[online]}",
    author = "Mike Cowlishaw",
    url = "http://speleotrove.com/decimal/",
    note = "[cit. 2014-10-05]"
}

@manual{isodec,
    title = "ISO/IEC/IEEE 60559:2011 - Information technology -- Microprocessor Systems -- Floating-Point arithmetic {[online]}",
    organization = "International Organization for Standardization",
    url = "http://www.iso.org/iso/iso_catalogue/catalogue_tc/catalogue_detail.htm?csnumber=57469",
    note = "[cit. 2014-10-10]"
}

@manual{vseanal,
    title = "Analýza principů fungování kapitálového trhu v ČR {[online]}",
    organization = "Katedra hospodářské a sociální politiky Národohospodářské fakulty VŠE v Praze",
    url = "http://khp.vse.cz/wp-content/uploads/2011/04/Studie-Analýza-principů-fungování-kapitálového-trhu-v-ČR.pdf",
    note = "[cit. 2014-12-01]"
}

@misc{mfflife,
    title = "comic strip MaFian liFe {[online]}",
    author = "Daniel Scheirich",
    url = "http://www-ucjf.troja.mff.cuni.cz/scheirich/index.php?s=4&strip=78",
    year = "2008",
    note = "[cit. 2014-12-13]"
}

@book{umlsroz,
	title = "UML srozumitelně",
	author = "H. Kanisová and M. Müller",
	publisher = "Brno: Computer Press",
	year = "2006"
}

@book{dbsdim,
	title = "Database systems: design, implementation \& management",
	author = "P. Rob and C. Coronel and K. Crockett",
	publisher = "Cengage Learning EMEA",
	year = "2008"
}

@manual{dbmod,
    title = "Data Modeling - Conceptual, Logical, And Physical Data Models {[online]}",
    organization = "1keydata.com",
    url = "http://www.1keydata.com/datawarehousing/data-modeling-levels.html",
    note = "[cit. 2015-1-1]"
}

@book{cppnut,
	title = "C++ In a Nutshell",
	author = "Ray Lischner",
	publisher = "O'Reilly Media",
	year = "2003"
}

@book{zakfin,
	title = "Zákldy financí",
	author = "Jan Černohorský and Petr Teplý",
	publisher = "Praha: Grada Publishing",
	year = "2011"
}

@book{zakpriban,
	title = "Zákldní principy bankovnictví",
	author = "M. Mejstřík and M. Pečená and P. Teplý",
	publisher = "Praha: Karolinum",
	year = "2009"
}

@book{htsmw,
	title = "How the Stock Market Works: A Beginner's Guide to Investment",
	author = "Michael Becket and Yvette Essen",
	publisher = "Kogan Page",
	edition = "3",
	year = "2010"
}

@manual{patipo,
    title = "Stručně o IPO - primární emisi akcií {[online]}",
    organization = "Patria Online",
    url = "http://www.patria.cz/ipo/osoby.html",
    note = "[cit. 2014-12-24]"
}

@manual{postgres,
    title = "Postgres: The world's most advanced open source database {[online]}",
    organization = "The PostgreSQL Global Development Group",
    url = "http://www.postgresql.org",
    note = "[cit. 2014-12-24]"
}

@manual{pgdoc,
    title = "PostgreSQL 9.3.5 Documentation {[online]}",
    organization = "The PostgreSQL Global Development Group",
    url = "http://www.postgresql.org/docs/9.3/static/index.html",
    note = "[cit. 2014-12-26]"
}

@manual{pgdtnum,
    title = "Postgres: Documentation: 9.3: Numeric Types {[online]}",
    organization = "The PostgreSQL Global Development Group",
    url = "http://www.postgresql.org/docs/9.3/static/datatype-numeric.html",
    note = "[cit. 2014-12-26]"
}

@manual{pgdttim,
    title = "Postgres: Documentation: 9.3: Date/Time Types {[online]}",
    organization = "The PostgreSQL Global Development Group",
    url = "http://www.postgresql.org/docs/9.3/static/datatype-datetime.html",
    note = "[cit. 2014-12-26]"
}

@manual{pgdtnet,
    title = "Postgres: Documentation: 9.3: Network Address Types {[online]}",
    organization = "The PostgreSQL Global Development Group",
    url = "http://www.postgresql.org/docs/9.3/static/datatype-net-types.html",
    note = "[cit. 2014-12-26]"
}

@manual{pgplpgsql,
    title = "Postgres: Documentation: 9.3: PL/pgSQL - SQL Procedural Language {[online]}",
    organization = "The PostgreSQL Global Development Group",
    url = "http://www.postgresql.org/docs/9.3/static/plpgsql.html",
    note = "[cit. 2014-12-27]"
}

@manual{pginsert,
    title = "Postgres: Documentation: 9.3: INSERT {[online]}",
    organization = "The PostgreSQL Global Development Group",
    url = "http://www.postgresql.org/docs/9.3/static/sql-insert.html",
    note = "[cit. 2014-12-27]"
}

@manual{pgindex,
    title = "Postgres: Documentation: 9.3: Indexes {[online]}",
    organization = "The PostgreSQL Global Development Group",
    url = "http://www.postgresql.org/docs/9.3/static/indexes.html",
    note = "[cit. 2014-12-27]"
}

@manual{json,
    title = "The JSON Data Interchange Format {[online]}",
    organization = "Ecma International",
    url = "http://www.ecma-international.org/publications/files/ECMA-ST/ECMA-404.pdf",
    note = "[cit. 2014-12-28]"
}

@manual{libpqxx,
    title = "libpqxx {[online]}",
    organization = "pqxx.org",
    url = "http://pqxx.org/development/libpqxx",
    note = "[cit. 2014-12-28]"
}

@manual{libpqxxtut,
    title = "PostgreSQL - C/C++ Interface {[online]}",
    organization = "Tutorials Point",
    url = "http://www.tutorialspoint.com/postgresql/postgresql_c_cpp.htm",
    note = "[cit. 2014-12-28]"
}

@manual{lseguide,
    title = "MIT201 - Guide to the Trading System {[online]}",
    organization = "London Stock Exchange",
    url = "http://www.londonstockexchange.com/products-and-services/trading-services/guide-to-new-trading-system.pdf",
    note = "[cit. 2014-12-29]"
}
% algoritmus Londýnský burzy (p. 61)

@manual{psekont,
    title = "Burzovní pravidla – část IV. KONTINUÁLNÍ AUKCE v obchodním systému Xetra® Praha {[online]}",
    organization = "Burza cenných papírů Praha",
    url = "http://ftp.pse.cz/Info.bas/Cz/Xetra/PSE_Pravidla_kontinualni_aukce.pdf",
    note = "[cit. 2014-12-29]"
}
% PSE a Xetra, super!

@manual{euronextrules,
    title = "Euronext Rule Book Book I: Harmonised Rules {[online]}",
    organization = "Euronext Group",
    url = "https://www.euronext.com/sites/www.euronext.com/files/harmonised_rulebook_en_-_6_october_2014.pdf",
    note = "[cit. 2014-12-29]"
}

@manual{euronext,
    title = "Euronext {[online]}",
    organization = "Euronext Group",
    url = "https://www.euronext.com/en",
    note = "[cit. 2015-01-03]"
}

@manual{nyse,
    title = "The New York Stock Exchange {[online]}",
    organization = "NYSE",
    url = "https://www.nyse.com/index",
    note = "[cit. 2015-01-03]"
}

@manual{ice,
    title = "Intercontinental Exchange {[online]}",
    organization = "NYSE",
    url = "https://www.theice.com/publicdocs/ICE_at_a_glance.pdf",
    note = "[cit. 2015-01-03]"
}

@manual{xetra,
    title = "Market Model Continuous Auction {[online]}",
    organization = "Deutche Börse",
    url = "https://xetra.com/xetra/dispatch/en/binary/gdb_content_pool/imported_files/public_files/10_downloads/31_trading_member/10_Products_and_Functionalities/20_Stocks/50_Xetra_Market_Model/market_modell_continuous_auction.pdf",
    note = "[cit. 2014-12-29]"
}
% kapitola 9, tam je moje Xetra!


@book{mekat,
	title = "Mezinárodní kapitálové trhy",
	author = "R. Nývltová and M. Režňáková",
	publisher = "Praha: Grada Publishing",
	edition = "1",
	year = "2007"
}

@book{babo,
	title = "Burzy a burzovní obchody",
	author = "Jitka Veselá",
	publisher = "Praha: Oeconomica",
	edition = "2",
	year = "2005"
}
% asi nic

@ARTICLE{hebu,
	author = "Jitka Veselá",
	title = "Historický exkurz světovým a českým burzovnictvím",
	journal = "Český finanční a účetní časopis",
	year = "2006",
	volume = "1",
	number = "2"
%	pages = "153-164",
}

@book{prknab,
	title = "První kroky na burze",
	author = "Ludvík Turek",
	publisher = "Brno: Computer Press",
	edition = "1",
	year = "2008"
}


@manual{git,
    title = "Git {[online]}",
    organization = "Git",
    url = "http://git-scm.com/",
    note = "[cit. 2014-12-30]"
}

@manual{bitbucket,
    title = "Free source code hosting - Bitbucket | Atlassian {[online]}",
    organization = "Atlassian",
    url = "https://www.atlassian.com/software/bitbucket/overview",
    note = "[cit. 2014-12-30]"
}

@manual{cppvector,
    title = "vector - C++ Reference {[online]}",
    organization = "cplusplus.com",
    url = "http://www.cplusplus.com/reference/vector/vector/",
    note = "[cit. 2014-12-30]"
}

@manual{cppdeque,
    title = "deque - C++ Reference {[online]}",
    organization = "cplusplus.com",
    url = "http://www.cplusplus.com/reference/deque/deque/",
    note = "[cit. 2014-12-30]"
}

@manual{cpplist,
    title = "list - C++ Reference {[online]}",
    organization = "cplusplus.com",
    url = "http://www.cplusplus.com/reference/list/list/",
    note = "[cit. 2014-12-30]"
}

@misc{mandoc,
    title = "mdocml = mandoc | UNIX manpage compiler {[online]}",
    author = "Kristaps Dzonsons and Ingo Schwarze",
    url = "http://mdocml.bsd.lv/",
    note = "[cit. 2015-01-04]"
}

@misc{rvalue,
    title = "Rvalue References and Move Semantics in C++11 - Cprogramming.com {[online]}",
    author = "Alex Allain",
    url = "http://www.cprogramming.com/c++11/rvalue-references-and-move-semantics-in-c++11.html",
    note = "[cit. 2015-01-05]"
}



