@MANUAL{NYSEManual,
    title = "NYSE Order Types",
    organization = "New York Stock Exchange",
    url = "https://www.nyse.com/publicdocs/nyse/markets/nyse/NYSE_Order_Types.pdf",
    key = "NYSE Stock orders types"
}

@MANUAL{ContinuousTradingProcess,
    title = "Continuous Trading Process {[online]}",
    organization = "Euronext",
    url = "https://www.euronext.com/trading/continuous-trading-process",
    note = "[cit. 2014-12-13]",
    key = "Continuous Trading Process"
}

@mastersthesis{Fremunt2014,
    author    = "Fremunt, Ondřej",
    title     = "Obchody na kapitálové burze a jejich databázový backend.",
    school    = "Praha: České vysoké učení technické v Praze, Fakulta informačních technologií",
    type     = "Diplomová práce",
    year      = "2014",
}

@MANUAL{NASDAQTradingSchedule,
    title = "NASDAQ Trading Schedule {[online]}",
    organization = "NASDAQ",
    url = "http://www.nasdaq.com/about/trading-schedule.aspx",
    note = "[cit. 2014-12-13]",
    key = "NASDAQ Trading Schedule"
}

@MANUAL{FIXManual,
    title = "FIX for Orders Programming Specification {[online]}",
    organization = "NASDAQ",
    url = "https://www.sec.gov/rules/other/nasdaqllcf1a4_5/e_nasdaqfix.pdf",
    note = "[cit. 2014-12-14]",
    key = "FIX for Orders Programming Specification"
}

@MANUAL{PushPull,
    title = "A Comparison of Push and Pull Techniques for AJAX {[online]}",
    organization = "Delft University of Technology, E. Bozdag, A. Mesbah, A. van Deursen",
    url = "http://swerl.tudelft.nl/twiki/pub/Main/TechnicalReports/TUD-SERG-2007-016.pdf",
    note = "[cit. 2014-12-17]",
    key = "A Comparison of Push and Pull Techniques for AJAX"
}

@MANUAL{NoSQLPerformance,
    title = "Solving Big Data Challenges for Enterprise Application Performance Management {[online]}",
    url = "http://vldb.org/pvldb/vol5/p1724_tilmannrabl_vldb2012.pdf",
    note = "[cit. 2014-12-29]",
    key = "Solving Big Data Challenges for Enterprise Application Performance Management"
}

@MANUAL{ORDBMS,
    title = "Introduction to Object-Relational Database Development {[online]}",
    url = "http://infolab.usc.edu/csci585/Spring2010/den_ar/ordb.pdf",
    note = "[cit. 2014-12-31]",
    key = "Introduction to Object-Relational Database Development"
}

@misc{FIXAbout,
      author = "FIX Trading Community",
      title = "What is FIX?",
      year = "2014",
      url = "http://www.fixtradingcommunity.org/pg/main/what-is-fix"
}

@misc{RFCwoc,
      author = "Internet Engineering Task Force (IETF), A. Barth",
      title = "The Web Origin Concept",
      year = "2011",
      url = "https://tools.ietf.org/html/rfc6454"
}

@misc{WebNodeJSPayPal,
      author = "Jeff Harrell",
      title = "Node.js at PayPal",
      month = "November",
      year = "2013",
      url = "https://www.paypal-engineering.com/2013/11/22/node-js-at-paypal/"
}

@misc{MapReduce,
      author = "MongoDB, Inc.",
      title = "Map-Reduce - MongoDB",
      month = "November",
      year = "2014",
      url = "http://docs.mongodb.org/manual/core/map-reduce/"
}

@misc{NodeLoop,
      author = "Michael Lehmann",
      title = "Full-Stack JavaScript with Node.js",
      month = "May",
      year = "2014",
      url = "http://www.slideshare.net/lehmamic/fullstack-sava-script-with-nodejs"
}

@misc{WebWorkerModule,
      author = "",
      title = "Lightweight Web Worker API implementation with native threads",
      month = "November",
      year = "2014",
      url = "https://github.com/audreyt/node-webworker-threads"
}

@misc{WebWorkers,
      author = "W3C",
      title = "Web Workers",
      month = "May",
      year = "2012",
      url = "http://www.w3.org/TR/workers/"
}

@MANUAL{IBOrders,
    title = "Interactive Brokers Order Types {[online]}",
    organization = "Interactive Brokers",
    url = "http://www.interactivebrokers.com/download/newMark/PDFs/orderTypes.pdf",
    note = "[cit. 2014-12-13]",
    key = "Interactive Brokers Order Types"
}

@MANUAL{LSEManual,
    title = "MIT201 - Guide to the Trading System",
    organization = "London Stock Exchange",
    url = "http://www.londonstockexchange.com/products-and-services/trading-services/guide-to-new-trading-system.pdf",
    key = "Guide to the Trading System"
}

@MANUAL{NYSEOrderUsage,
    title = "NYSE Order Type Usage {[online]}",
    organization = "NYSE",
    url = "https://www.nyse.com/publicdocs/nyse/markets/nyse/NYSE_Order_Type_Usage.pdf",
    note = "[cit. 2014-12-13]",
    key = "NYSE Order Type Usage"
}


@mastersthesis{RBDMSVsNoSQL,
    author    = "Christoforos Hadjigeorgiou",
    title = "RDBMS vs NoSQL: Performance and Scaling Comparison",
    school    = "The University of Edinburgh",
    type     = "Diplomová práce",
    year = "2013"
}


@misc{NginXLoadbalancer,
      author = "Nginx, Inc.",
      title = "Using nginx as HTTP load balancer",
      month = "May",
      year = "2014",
      url = "http://nginx.org/en/docs/http/load_balancing.html"
}

@misc{NginXConfigExample,
      author = "Thomas Dimson",
      title = "Hardening node.js for production part 2: using nginx to avoid node.js load",
      month = "July",
      year = "2012",
      url = "http://blog.argteam.com/coding/hardening-node-js-for-production-part-2-using-nginx-to-avoid-node-js-load/"
}


@misc{CandleStickChart,
      author = "education.howthemarketworks.com",
      title = "How do candlesticks imply volume?",
      month = "December",
      year = "2014",
      url = "http://education.howthemarketworks.com/stocks/intermediate/chartpatterns/how-do-candlesticks-imply-volume-why-is-that-critically-important/"
}


@misc{Sharehold,
      author = "Paul Farrow",
      title = "How long does the average share holding last? Just 22 seconds",
      month = "Jan",
      year = "2012",
      url = "http://www.telegraph.co.uk/finance/personalfinance/investing/9021946/How-long-does-the-average-share-holding-last-Just-22-seconds.html"
}



